@misc{so_survey_2017,
  author={Stack Overflow Developer Survey},
  title={\url{https://insights.stackoverflow.com/survey/2017}},
  year={2017}
}


@article{storey_social_2017,
  author={M. A. Storey and A. Zagalsky and F. F. Filho and L. Singer and D. M. German},
  journal={IEEE Transactions on Software Engineering},
  title={{How Social and Communication Channels Shape and Challenge a Participatory Culture in Software Development}},
  year={2017},
  volume={43},
  number={2},
  pages={185-204},
}

@INPROCEEDINGS{corley_web_2015, 
	author={C. S. Corley and F. Lois and S. Quezada}, 
	booktitle={IEEE International Conference on Software Maintenance and Evolution (ICSME)}, 
	title={Web Usage Patterns of Developers}, 
	year={2015}, 
	pages={381-390}, 
}

@inproceedings{brandt_studies_2009,
 author = {Brandt, Joel and Guo, Philip J. and Lewenstein, Joel and Dontcheva, Mira and Klemmer, Scott R.},
 title = {Two Studies of Opportunistic Programming: Interleaving Web Foraging, Learning, and Writing Code},
 booktitle = {Proceedings of the SIGCHI Conference on Human Factors in Computing Systems},
 series = {CHI '09},
 year = {2009},
 location = {Boston, MA, USA},
 pages = {1589--1598},
 numpages = {10},
} 

@inproceedings{ponzanelli2014mining,
  title={Mining StackOverflow to Turn the IDE into a Self-Confident Programming Prompter},
  author={Ponzanelli, Luca and Bavota, Gabriele and Di Penta, Massimiliano and Oliveto, Rocco and Lanza, Michele},
  booktitle={Proceedings of the 11th Working Conference on Mining Software Repositories},
  pages={102--111},
  year={2014},
}

@book{robillard2014recommendation,
  title={Recommendation Systems in Software Sngineering},
  author={Robillard, Martin P and Maalej, Walid and Walker, Robert J and Zimmermann, Thomas},
  year={2014},
  publisher={Springer Science \& Business}
}

@inproceedings{ponzanelli2013seahawk,
  title={Seahawk: Stack Overflow in the IDE},
  author={Ponzanelli, Luca and Bacchelli, Alberto and Lanza, Michele},
  booktitle={Proceedings of the 2013 International Conference on Software Engineering},
  pages={1295--1298},
  year={2013},
}

@inproceedings{CampbellT17,
  author    = {Brock Angus Campbell and
               Christoph Treude},
  title     = {NLP2Code: Code Snippet Content Assist via Natural Language Tasks},
  booktitle = {Proceedings of the 2017 International Conference on Software Maintenance and Evolution},
  year      = {2017},
}

@book{carmel2010querydiff,
  title={Estimating the Query Difficulty for Information Retrieval},
  author={David Carmel and Elad Yom-Tov},
  year={2010},
  publisher={Morgan \& Claypool}
}

@inproceedings{carter_dewan_2010,
 author = {Carter, Jason and Dewan, Prasun},
 title = {Design, Implementation, and Evaluation of an Approach for Determining when Programmers Are Having Difficulty},
 booktitle = {Proceedings of the 16th ACM International Conference on Supporting Group Work},
 series = {GROUP '10},
 year = {2010},
 pages = {215--224},
 numpages = {10},
}

@Inbook{Zhao2008,
  author="Zhao, Ying
  and Scholer, Falk
  and Tsegay, Yohannes",
  editor="Macdonald, Craig
  and Ounis, Iadh
  and Plachouras, Vassilis
  and Ruthven, Ian
  and White, Ryen W.",
  title="Effective Pre-retrieval Query Performance Prediction Using Similarity and Variability Evidence",
  bookTitle="Advances in Information Retrieval: 30th European Conference on IR Research, ECIR 2008, Glasgow, UK, March 30-April 3, 2008. Proceedings",
  year="2008",
  publisher="Springer Berlin Heidelberg",
  address="Berlin, Heidelberg",
  pages="52--64",
}

@INPROCEEDINGS{Buckley_automaticquery,
    author = {Chris Buckley},
    title = {Automatic Query Expansion Using SMART : TREC 3},
    booktitle = {In Proceedings of The third Text REtrieval Conference (TREC-3},
    year = {},
    pages = {69--80}
} 


@inproceedings{nguyen_t2api_2016,
 author = {Nguyen, Thanh and Rigby, Peter C. and Nguyen, Anh Tuan and Karanfil, Mark and Nguyen, Tien N.},
 title = {T2API: Synthesizing API Code Usage Templates from English Texts with Statistical Translation},
 booktitle = {Proceedings of the 2016 24th ACM SIGSOFT International Symposium on Foundations of Software Engineering},
 series = {FSE 2016},
 year = {2016},
 location = {Seattle, WA, USA},
 pages = {1013--1017},
 numpages = {5},
}
